@article{oopsla23_stabilization_DBLP:journals/pacmpl/ChenCHHLS23,
  author       = {Yu{-}Fang Chen and
                  David Chocholat{\'{y}} and
                  Vojtech Havlena and
                  Luk{\'{a}}s Hol{\'{\i}}k and
                  Ondrej Leng{\'{a}}l and
                  Juraj S{\'{\i}}c},
  title        = {Solving String Constraints with Lengths by Stabilization},
  journal      = {Proc. {ACM} Program. Lang.},
  volume       = {7},
  number       = {{OOPSLA2}},
  pages        = {2112--2141},
  year         = {2023},
  url          = {https://doi.org/10.1145/3622872},
  doi          = {10.1145/3622872},
  timestamp    = {Sun, 10 Dec 2023 17:01:16 +0100},
  biburl       = {https://dblp.org/rec/journals/pacmpl/ChenCHHLS23.bib},
  bibsource    = {dblp computer science bibliography, https://dblp.org}
}

@article{tacas24_arxiv_noodler_tool_paper_DBLP:journals/corr/abs-2310-08327,
  author       = {Yu{-}Fang Chen and
                  David Chocholat{\'{y}} and
                  Vojtech Havlena and
                  Luk{\'{a}}s Hol{\'{\i}}k and
                  Ondrej Leng{\'{a}}l and
                  Juraj S{\'{\i}}c},
  title        = {Z3-Noodler: An Automata-based String Solver (Technical Report)},
  journal      = {CoRR},
  volume       = {abs/2310.08327},
  year         = {2023},
  url          = {https://doi.org/10.48550/arXiv.2310.08327},
  doi          = {10.48550/ARXIV.2310.08327},
  eprinttype    = {arXiv},
  eprint       = {2310.08327},
  timestamp    = {Tue, 24 Oct 2023 14:46:18 +0200},
  biburl       = {https://dblp.org/rec/journals/corr/abs-2310-08327.bib},
  bibsource    = {dblp computer science bibliography, https://dblp.org}
}

@article{tacas24_arxiv_mata_tool_paper_DBLP:journals/corr/abs-2310-10136,
  author       = {David Chocholat{\'{y}} and
                  Tom{\'{a}}s Fiedor and
                  Vojtech Havlena and
                  Luk{\'{a}}s Hol{\'{\i}}k and
                  Martin Hruska and
                  Ondrej Leng{\'{a}}l and
                  Juraj S{\'{\i}}c},
  title        = {Mata, a Fast and Simple Finite Automata Library (Technical Report)},
  journal      = {CoRR},
  volume       = {abs/2310.10136},
  year         = {2023},
  url          = {https://doi.org/10.48550/arXiv.2310.10136},
  doi          = {10.48550/ARXIV.2310.10136},
  eprinttype    = {arXiv},
  eprint       = {2310.10136},
  timestamp    = {Wed, 25 Oct 2023 17:11:46 +0200},
  biburl       = {https://dblp.org/rec/journals/corr/abs-2310-10136.bib},
  bibsource    = {dblp computer science bibliography, https://dblp.org}
}

@inproceedings{fm23_equations_synergy_regular_constraints_DBLP:conf/fm/BlahoudekCCHHLS23,
  author       = {Frantisek Blahoudek and
                  Yu{-}Fang Chen and
                  David Chocholat{\'{y}} and
                  Vojtech Havlena and
                  Luk{\'{a}}s Hol{\'{\i}}k and
                  Ondrej Leng{\'{a}}l and
                  Juraj S{\'{\i}}c},
  editor       = {Marsha Chechik and
                  Joost{-}Pieter Katoen and
                  Martin Leucker},
  title        = {Word Equations in Synergy with Regular Constraints},
  booktitle    = {Formal Methods - 25th International Symposium, {FM} 2023, L{\"{u}}beck,
                  Germany, March 6-10, 2023, Proceedings},
  series       = {Lecture Notes in Computer Science},
  volume       = {14000},
  pages        = {403--423},
  publisher    = {Springer},
  year         = {2023},
  url          = {https://doi.org/10.1007/978-3-031-27481-7\_23},
  doi          = {10.1007/978-3-031-27481-7\_23},
  timestamp    = {Sun, 17 Dec 2023 20:56:20 +0100},
  biburl       = {https://dblp.org/rec/conf/fm/BlahoudekCCHHLS23.bib},
  bibsource    = {dblp computer science bibliography, https://dblp.org}
}

@inproceedings{cade23_reasoning_regular_properties_comparision_DBLP:conf/cade/FiedorHHRSV23,
  author       = {Tom{\'{a}}s Fiedor and
                  Luk{\'{a}}s Hol{\'{\i}}k and
                  Martin Hruska and
                  Adam Rogalewicz and
                  Juraj S{\'{\i}}c and
                  Pavol Vargovc{\'{\i}}k},
  editor       = {Brigitte Pientka and
                  Cesare Tinelli},
  title        = {Reasoning About Regular Properties: {A} Comparative Study},
  booktitle    = {Automated Deduction - {CADE} 29 - 29th International Conference on
                  Automated Deduction, Rome, Italy, July 1-4, 2023, Proceedings},
  series       = {Lecture Notes in Computer Science},
  volume       = {14132},
  pages        = {286--306},
  publisher    = {Springer},
  year         = {2023},
  url          = {https://doi.org/10.1007/978-3-031-38499-8\_17},
  doi          = {10.1007/978-3-031-38499-8\_17},
  timestamp    = {Tue, 12 Sep 2023 07:57:20 +0200},
  biburl       = {https://dblp.org/rec/conf/cade/FiedorHHRSV23.bib},
  bibsource    = {dblp computer science bibliography, https://dblp.org}
}

@article{S3_A_Symbolic_String_Solver_for_Vulnerability_Detection_in_Web_Applications,
author = {Thái Minh, Trịnh and Chu, Duc-Hiep and Jaffar, Joxan},
year = {2014},
month = {11},
pages = {1232-1243},
title = {S3: A Symbolic String Solver for Vulnerability Detection in Web Applications},
journal = {Proceedings of the ACM Conference on Computer and Communications Security},
doi = {10.1145/2660267.2660372}
}

@article{Z3-str_a_z3-based_string_solver_for_web_application_analysis,
author = {Zheng, Yunhui and Zhang, Xiangyu and Ganesh, Vijay},
year = {2013},
month = {08},
pages = {},
title = {Z3-str: a z3-based string solver for web application analysis},
isbn = {978-1-4503-2237-9},
doi = {10.1145/2491411.2491456}
}

@article{Simple_linear_string_constraints,
author = {Fu, Xiang and Powell, Michael and Bantegui, Michael and Li, Chung-Chih},
year = {2013},
month = {11},
pages = {},
title = {Simple linear string constraints},
volume = {25},
journal = {Formal Aspects of Computing},
doi = {10.1007/s00165-011-0214-3}
}

@article{Satisfiability_Modulo_Theories_Introduction_and_Applications,
author = {de Moura, Leonardo and Bjørner, Nikolaj},
year = {2011},
month = {09},
pages = {69-77},
title = {Satisfiability Modulo Theories: Introduction and Applications},
volume = {54},
journal = {Commun. ACM},
doi = {10.1145/1995376.1995394}
}

@inproceedings{Composing_Static_and_Dynamic_Analysis_to_Validate_Sanitization_in_Web_Applications,
author = {Balzarotti, Davide and Cova, Marco and Felmetsger, Viktoria and Jovanovic, Nenad and Kirda, Engin and Kruegel, Christopher and Vigna, Giovanni},
year = {2008},
month = {06},
pages = {387-401},
title = {Saner: Composing Static and Dynamic Analysis to Validate Sanitization in Web Applications},
volume = {0},
isbn = {978-0-7695-3168-7},
journal = {Security and Privacy, IEEE Symposium on},
doi = {10.1109/SP.2008.22}
}

@article{String_constraints_with_concatenation_and_transducers_solved_efficiently,
author = {Holik, Lukas and Janků, Petr and Lin, Anthony and Rümmer, Philipp and Vojnar, Tomas},
year = {2017},
month = {12},
pages = {1-32},
title = {String constraints with concatenation and transducers solved efficiently},
volume = {2},
journal = {Proceedings of the ACM on Programming Languages},
doi = {10.1145/3158092}
}

@article{rewriting_rules_karttunen97,
author = {Karttunen, Lauri and Chanod, Jean-Pierre and Grefenstette, Gregory and Schiller, A.},
year = {1997},
month = {03},
pages = {},
title = {Regular Expressions for Language Engineering},
volume = {2},
journal = {Natural Language Engineering},
doi = {10.1017/S1351324997001563}
}

@article{rewriting_rules_kaplan94,
author = {Kaplan, Ronald and Kay, Martin},
year = {1994},
month = {01},
pages = {331-378},
title = {Regular Models of Phonological Rule Systems},
volume = {20},
journal = {Computational Linguistics}
}

@article{sparseset93,
author = {Briggs, Preston and Torczon, Linda},
title = {An Efficient Representation for Sparse Sets},
year = {1993},
issue_date = {March–Dec. 1993},
publisher = {Association for Computing Machinery},
address = {New York, NY, USA},
volume = {2},
number = {1–4},
issn = {1057-4514},
url = {https://doi.org/10.1145/176454.176484},
doi = {10.1145/176454.176484},
journal = {ACM Lett. Program. Lang. Syst.},
month = {mar},
pages = {59–69},
numpages = {11},
keywords = {register allocation, set representations, compiler implementation, set operations}
}




























    @BOOK{Pravidla,
      author =       "Zdeněk Hlavsa and others",
      title =        "Pravidla českého pravopisu",
      publisher =    "Academia",
      edition =      "2",
      year =         "2009",
      isbn =         "80-200-1327-X",
    }

    @BOOK{Knuth,
      author =       "Donald E. Knuth",
      title =        "The {\TeX}book",
      publisher =    "Addison-Wesley Publishing Company",
      year =         "1996",
      isbn =         "0-201-13447-0",
    }

    @BOOK{Rybicka,
      author =       "Jiří Rybička",
      title =        "\LaTeX~pro začátečníky",
      publisher =    "Konvoj",
      edition =      "3",
      year =         "2003",
      isbn =         "80-7302-049-1",
    }

    @BOOK{Olsak,
      author =       "Petr Olšák",
      title =        "{\TeX}book naruby",
      publisher =    "Konvoj",
      year =         "2001",
      isbn =         "80-7302-0007-6",
    }

    @BOOK{Eikh,
      author =       "Victor Eikhout",
      title =        "{\TeX}by Topics, a {\TeX}nitian's Reference",
      publisher =    "Addison-Wesley UK",
      year =         "2001",
      isbn =         "0-201-56882-9",
    }

    @website{cstugWeb,
      author =       "Petr Sojka and others",
      title =        "Československé sdružení uživatelů {\TeX}u",
      howpublished = "online",
      url =          "http://www.cstug.cz",
      cited =        "2019-10-02"
    }

    @webpage{fitWeb,
      author =       "Zdena Rábová and Petr Hanáček and Petr Peringer and Petr Přikryl and Bohuslav Křena",
      title =        "Užitečné rady pro psaní práce",
      howpublished = "online",
      publisher =    "FIT VUT v~Brně",
      year =         "2008",
      month =        11,
      url =          "https://www.fit.vut.cz/study/theses/theses-advice/",
      cited =        "2019-10-02"
    }

    @webpage{citace,
      author =       "Zdena Rábová and Petr Hanáček and Petr Peringer and Petr Přikryl and Bohuslav Křena",
      title =        "Pravidla pro bibliografické citace",
      howpublished = "online",
      publisher =    "FIT VUT v Brně",
      year =         "2019",
      month =        3,
      url =          "https://www.fit.vut.cz/study/theses/citations/",
      cited =        "2019-10-02"
    }

    @MISC{biblio,
      author =       "Olga Biernátová and Jan Skůpa",
      title =        "Bibliografické odkazy a citace dokumentů",
      howpublished = "online",
      url =          "http://www.citace.com/download/CSN-ISO-690.pdf",
      publisher =    "Citace.com",
      month =        9,
      address =      "Brno",
      year =         "2011",
      cited =        "2019-10-02"
    }

    @webpage{formalniBP,
      author =       "Zdena Rábová and Petr Přikryl and Petr Peringer and Petr Lampa and Bohuslav Křena and jaroslav Dytrych and Petr Veigend",
      title =        "Pokyny k~bakalářským pracím a SZZ",
      howpublished = "online",
      year =         "2019",
      url =          "https://www.fit.vut.cz/study/theses/bachelor-theses/",
      cited =        "2019-10-02"
    }

    @webpage{formalniDP,
      author =       "Zdena Rábová and Petr Přikryl and Petr Peringer and Petr Lampa and Bohuslav Křena and jaroslav Dytrych and Petr Veigend",
      title =        "Pokyny k~diplomovým pracím a SZZ",
      howpublished = "online",
      year =         "2019",
      url =          "https://www.fit.vut.cz/study/theses/master-theses/",
      cited =        "2019-10-02"
    }

    @MISC{smernice,
      key =          "Szz",
      author =       "Petr Štěpánek",
      title =        "Směrnice rektora č. 72/2017 -- Úprava, odevzdávání a zveřejňování závěrečných prací",
      howpublished = "online",
      year =         "2017",
      url =          "https://www.vutbr.cz/uredni-deska/vnitrni-predpisy-a-dokumenty/smernice-c-72-2017-uprava-odevzdavani-a-zverejnovani-zaverecnych-praci-d161410",
      cited =        "2019-10-02"
    }

   @MISC{smerniceFIT,
      author =       "Pavel Zemčík",
      title =        "Směrnice děkana č. 7/2018 -- Úprava, odevzdávání a zveřejňování závěrečných prací na FIT VUT v Brně",
      howpublished = "online",
      year =         "2018",
      url =          "https://www.fit.vut.cz/fit/info/smernice/sm2018-07.pdf",
      cited =        "2019-10-02"
    }

    @website{prirucka,
      key =          "Cerna",
      author =       "Anna Černá and Jan Chromý and Hana Konečná and others",
      title =        "Internetová jazyková příručka -- Ústav pro jazyk český Akademie věd ČR, v. v. i.",
      howpublished = "online",
      publisher =    "Centrum zpracování přirozeného jazyka FI MU",
      year =         "2019",
      url =          "http://prirucka.ujc.cas.cz/",
      cited =        "2019-10-02"
    }

    @website{Herout,
      author =       "Adam Herout",
      title =        {herout.net -- Poznámky učitele, kouče, čtenáře.},
      howpublished = "online",
      year =         "2018",
      url =          "http://www.herout.net/",
      cited =        "2019-10-02"
    }

    @webpage{chyby,
      key =          "Szoke",
      author =       "Igor Szöke",
      title =        "Textová část BP/DP -- Lessons learned",
      howpublished = "online",
      year =         "2012",
      url =          "http://blog.igor.szoke.cz/2012/01/textova-cast-bpdp-lessons-learned-1.html",
      cited =        "2019-10-02"
    }

    @webpage{rady,
      key =          "Szoke",
      author =       "Igor Szöke",
      title =        "Píšete diplomku? 15+1 rad, které vám pomohou.",
      howpublished = "online",
      year =         "2011",
      url =          "http://blog.igor.szoke.cz/2011/12/pisete-diplomku-151-rad-ktere-vam.html",
      cited =        "2019-10-02"
    }

    @webpage{Beran,
      author =       "Vítězslav Beran",
      title =        "Beran-BP DP Projekty",
      howpublished = "online",
      year =         "2017",
      url =          "http://merlin.fit.vutbr.cz/wiki/index.php/Beran-BP_DP_Projekty",
      cited =        "2019-10-02"
    }

    @MISC{BeranPDF,
      author =       "Vítězslav Beran",
      title =        "Jak psát technickou zprávu",
      howpublished = "online",
      year =         "2013",
      url =          "http://www.fit.vutbr.cz/~beranv/podpora/Jak\%20psat\%20technickou\%20zpravu.pdf",
      cited =        "2019-10-00"
    }

    @webpage{Cernocky,
      key =          "Cernocky",
      author =       "Jan Černocký",
      title =        "Černocký BP DP -- obecně",
      howpublished = "online",
      year =         "2016",
      url =          "https://merlin.fit.vutbr.cz/wiki/index.php/Cernocky_BP_DP-obecne",
      publisher = "Wiki FIT VUT v Brně",
      cited =        "2019-10-02"
    }

    @webpage{CernockyEnglish,
      key =          "Cernocky",
      author =       "Jan Černocký",
      title =        "English SOS",
      howpublished = "online",
      year =         "2016",
      url =          "https://merlin.fit.vutbr.cz/wiki/index.php/English_SOS",
      cited =        "2019-10-02"
    }

    @MISC{Zemcik,
      author =       "Pavel Zemčík",
      title =        "Všeobecné pokyny pro studenty a vůbec",
      howpublished = "online",
      year =         "2012",
      url =          "http://www.fit.vutbr.cz/~zemcik/Pokyny.pdf",
      cited =        "2019-10-02"
    }

    @BOOK{Lebrun2011,
      author =       "Jean-Luc Lebrun",
      title =        "Scientific Writing 2.0: a reader and writer's guide",
      publisher =    "World Scientific Publishing",
      year =         "2011",
      edition =      "1",
      isbn =         "9814350605",
      owner =        "herout",
      timestamp =    "2015.01.20"
    }

    @MASTERSTHESIS{Pysny,
      author = {Radek Py{\v{s}}n{\'{y}}},
      type = {Bakal{\'{a}}{\v{r}}sk{\'{a}} pr{\'{a}}ce},
      title = {BiBTeX styl pro {\v{C}}SN ISO 690 a {\v{C}}SN ISO	690-2},
      school = {Vysok{\'{e}} u{\v{c}}en{\'{i}} technick{\'{e}} v Brn{\v{e}}, Fakulta informa{\v{c}}n{\'{i}}ch technologi{\'{i}}},
      year = {2009},
      location = {Brno, CZ},
      language = {czech},
      url = {https://www.fit.vut.cz/study/thesis/7848/}
    }
